@inproceedings{papineni_bleu:_2002,
	title = {{BLEU}: a method for automatic evaluation of machine translation},
	shorttitle = {{BLEU}},
	booktitle = {Proceedings of the 40th annual meeting on association for computational linguistics},
	publisher = {Association for Computational Linguistics},
	author = {Papineni, Kishore and Roukos, Salim and Ward, Todd and Zhu, Wei-Jing},
	year = {2002},
	keywords = {BLEU},
	pages = {311--318}
}